@article{rnacompete_13,
author = {Ray,D. and Kazan,H. and Cook,K. B. and Weirauch,M. T. and Najafabadi,H. S. and Li,X. and Gueroussov,S. and Albu,M. and Zheng,H. and et al.},
	Pages = {172-177},
	journal = {Nature},
	Title = {{A compendium of RNA-binding motifs for decoding gene regulation}},
	Volume = {499},
	Year = {2013}
}
@article{weirauch_13,
	Author = {Weirauch,M. T. and Cote,A. T. and Norel,R. and Annala,M. and Zhao,Y. and Riley,T. R. and Saez-Rodriguez,J. and Cokelaer,T. and Vedenko,A.  and Talukder,S. and et al.},
	Pages = {126-134},
	journal = {Nat Biotech},
	Title = {Evaluation of methods for modeling the transcription factor sequence specificity},
	Volume = {31},
	Number = {2},
	Year = {2013}
}
@article{synergizer,
	Author = {Berriz,G. F. and Roth,F. P.},
	Title = {The Synergizer service for translating gene, protein and other biological identifiers},
	journal = {Bioinformatics},
	Volume = {24},
	Number = {19},
	Pages = {2272-2273},
	Year = {2008}
}
@article{wang_02,
	author = {Wang,X. and McLachlan,J. and Zamore,P. D. and Hall,T. M. T.},
	title = {{Modular Recognition of RNA by a Human Pumilio-Homology Domain}},
	journal = "Cell",
	volume = "110",
	number = "4",
	pages = "501-512",
	year = "2002",
	issn = "0092-8674",
	doi = "http://dx.doi.org/10.1016/S0092-8674(02)00873-5",
	url = "http://www.sciencedirect.com/science/article/pii/S0092867402008735",
}

@article{wan_14,
	author = {Wan,Y. and Qu,K. and Zhang,Q. C. and Flynn,R. A. and Manor,O. and Ouyang,Z. and Zhang,J. and Spitale,R. C. and Snyder,M. P. and Segal,E. and Chang,H. Y.},
	pages = {706-709},
	journal = {Nature},
	title = {Landscape and variation of RNA secondary structure across the human transcriptome},
	volume = {505},
	year = {2014}
}
@article{spitale_15,
	Author = {Spitale,R. C. and Flynn,R. A. and Zhang,Q. C. and Crisalli,P. and Lee,B. and Jung,J. and Kuchelmeister,H. Y. and Batista,P. J. and Torre,E. A. and Kool,E. T. and Chang,H. Y.},
	Pages = {486-490},
	journal = {Nature},
	Title = {Structural imprints in vivo decode RNA regulatory mechanisms},
	Volume = {519},
	Year = {2015}
}

@article{rouskin_14,
title = {{Genome-wide probing of RNA structure reveals active unfolding of mRNA structures in vivo}},
journal = "Nature",
volume = "505",
pages = "701-705",
year = "2014",
author = {Rouskin,S. and Zubradt,M. and Washietl,S. and Kellis,M. and Weissman,J. S.}
}

@article{li_14,
title = {{Finding the target sites of RNA-binding proteins}},
journal = {Wiley Interdiscip. Rev. RNA},
volume = "5",
pages = "111-130",
year = "2014",
author = {Li,X. and Kazan,H. and Lipshitz,H. D. and Morris,Q. D.}
}
@article{lange_12,
author = {Lange,S. J. and Maticzka,D. and Mohl,M. and Gagnon,J. N. and Brown,C. M. and Backofen,R.}, 
title = {{Global or local? Predicting secondary structure and accessibility in mRNAs}}, 
year = {2012}, 
volume = {40}, 
number = {12}, 
pages = {5215-5226}, 
doi = {10.1093/nar/gks181}, 
journal = {Nucleic Acids Res}
}

@article{rbpdb_11,
author = {Cook,K. B. and Kazan,H. and Zuberi,K. and Morris,Q. and Hughes,T. R.},
    year	= {2011},
    title	=  {{RBPDB: a database of {RNA}-binding specificities}} ,
    pages	= {D301-D308},
    journal	= {Nucleic Acids Res},
    volume = {39},
    number = {suppl 1},
    doi = {10.1093/nar/gkq1069}
}


@article{rnacompete_09,
author = {Ray,D. and Kazan,H. and Chan,E. T. and Castillo,L. P. and Chaudhry,S. and Talukder,S. and Blencowe,B. J. and Morris,Q. and Hughes,T. R.},
    year	= {2009},
    title	=  {{Rapid and systematic analysis of the {RNA} recognition specificities of {RNA}-binding proteins}} ,
    pages	= {667-670},
    journal	= {Nat Biotechnol},
    volume = {27(7)}
}

@article{zhao_10,
	author = {Zhao,J. and Ohsumi,T. K. and Kung,J. T. and Ogawa,Y. and Grau,D. J. and Sarma,K. and Song,J. J. and Kingston,R. E. and Borowsky,M. and Lee,J. T.},
	Journal = {Mol cell},
	Month = {12},
	Number = {6},
	Pages = {939-953},
	Title = {{Genome-wide identification of polycomb-associated RNAs by RIP-seq}},
    note = {[PubMed:\href{http://www.ncbi.nlm.nih.gov/pubmed/21172659}{21172659}]
     [PubMed Central:\href{http://www.ncbi.nlm.nih.gov/pmc/articles/PMC3021903}{PMC3021903}]
    [doi:\href{http://dx.doi.org/10.1016/j.molcel.2010.12.011}{10.1016/j.molcel.2010.12.011}]},
	Volume = {40},
	Year = {2010}
}

@article{ule_05,
	author = {Ule,J. and Jensen,K. and Mele,A. and Darnell,R. B.},
	Journal = {Methods},
	Pages = {376-386},
	Title = {{CLIP:A method for identifying protein-RNA interaction sites in living cells}},
	Volume = {37},
	Year = {2005}
}

@article{glmnet,
	title = {{Regularization paths for generalized linear models via coordinate descent}},
	author = {Friedman,J. and Tibshirani,R. and Hastie,T.},
	year = {2010},
	volume = {33},
	pages = {1-22},
	journal = {J Stat Softw}
}

@article{qvalue,
	title = {{Statistical significance for genomewide studies}},
	author = {Storey,J. D. and Tibshirani,R.},
	year = {2003},
	journal = {Proc Natl Acad Sci U S A},
	volume = {100},
	pages = {9440-9445}
}

@article {hur_accessibility,
	title = {{mRNA openers and closers: modulating AU-rich element-controlled mRNA stability by a molecular switch in mRNA secondary structure}},
	author = {Meisner,N. C. and Hackermuller,J. and Uhl,V. and Aszodi,A. and Jaritz,M. and Auer,M.},
	year = {2004},
	journal = {Chembiochem},
	volume = {5},
	pages = {1432-1447}
}

@article{kazan_10,
	author = {Kazan,H. and Ray,D. and Chan,E. T. and Hughes,T. R. and Morris,Q.},
	doi = {10.1371/journal.pcbi.1000832},
	editor = {Sinha, Saurabh},
	journal = {PLoS Comp Biol},
	number = {7},
	pages = {e1000832},
	title = {{RNAcontext: A new method for learning the sequence and structure binding preferences of RNA-binding proteins}},
  	volume = {6},
	year = {2010}
}

@article{maticzka_14,
	author = {Maticzka,D. and Lange,S. J. and Costa,F. and Backofen,R.},
	title = {{GraphProt: modeling binding preferences of RNA-binding proteins}},
	year = {2014},
	journal = {Genome Biol},
	volume = {15(1)},
	pages = {R:17}
}

@article{pancaldi_2012,
	author = {Pancaldi,V. and Saraç,O. S. and Rallis,C. and McLean,J. R. and Převorovský,M. and Gould,K. and Beyer,A. and Bähler,J.},
	title = {Predicting the fission yeast protein interaction network},
	year = {2012},
	journal = {G3},
	volume = {2(4)},
	pages = {453-467}
}

@article{muppirala_2011,
	author = {Muppirala,U. K. and Honavar,V. G. and Dobbs,D.},
	title = {{Predicting RNA-protein interactions using only sequence information}},
	year = {2011},
	journal = {BMC Bioinformatics},
	volume = {12},
	pages = {489}
}

@article{RNAplfold,
	title = {{Local RNA base pairing probabilities in large sequences}},
	author = {Bernhart,S. H. and Hofacker,I. L. and Stadler,P. F.},
	year = {2006},
	journal = {Bioinformatics},
	volume = {22},
	pages = {614-615 }
}

@article{jiang_13,
	title = {{Computational assessment of the cooperativity between RNA Binding Proteins and MicroRNAs in transcript decay}},
	author = {Jiang,P. and Singh,M. and Coller,H. A.},
	year = {2013},
	journal = {PLoS Comput Biol},
	volume = {9},
	pages = {e1003075}
}

@article{wilbert_12,
	author = {Wilbert,M. L. and Huelga,S. C. and Kapeli,K. and Stark,T. J. and Liang,T. Y. and Chen,S. X. and Yan,B. Y. and Nathanson,J. L. and Hutt,K. R. and Lovci,M. T. and Kazan,H. and Vu,A.Q. and Massirer,K.B. and Morris,Q. and Hoon,S. and Yeo,G. W.},
	booktitle = {Mol cell},
	isbn = {1097-2765},
	number = {2},
	pages = {195--206},
	publisher = {Cell Press},
	title = {{LIN28 binds messenger RNAs at GGAGA motifs and regulates splicing factor abundance}},
	volume = {48},
	year = {2012}
}

@article{ding_03,
	author = {Ding,Y. and Lawrence,C. E.},
    year	= 2003,
    title	=  {A statistical sampling algorithm for {RNA} secondary structure prediction} ,
    note = {[PubMed:\href{http://www.ncbi.nlm.nih.gov/pubmed/14654704}{14654704}]
     [PubMed Central:\href{http://www.ncbi.nlm.nih.gov/pmc/articles/PMC297010}{PMC297010}]},
    pages	= {7280-7301},
    journal	= {Nucleic Acids Res},
    volume = {31}
}

@article{bernhart_06,
	author = {Bernhart,S. H. and Hofacker,I. L. and Stadler,P. F.},
	journal = {Bioinformatics)},
	month = mar,
	number = {5},
	pages = {614-615},
	title = {{Local RNA base pairing probabilities in large sequences.}},
    note = {[PubMed:\href{http://www.ncbi.nlm.nih.gov/pubmed/16368769}{16368769}]
    [doi:\href{http://dx.doi.org/10.1093/bioinformatics/btk014}{10.1093/bioinformatics/btk014}]},
	url = {http://www.ncbi.nlm.nih.gov/pubmed/16368769},
	volume = {22},
	year = {2006}
}


@article{kouwenhove_11,
	author = {Kouwenhove,M, V. and Kedde,M. and Agami,R.},
	doi = {10.1038/nrc3107},
	issn = {14741768},
	journal = {Nat. Rev. Can.},
	number = {9},
	pages = {644--656},
	pmid = {21822212},
	publisher = {Nature Publishing Group},
	title = {{MicroRNA regulation by RNA-binding proteins and its implications for cancer.}},
	url = {http://www.ncbi.nlm.nih.gov/pubmed/21822212},
	volume = {11},
	year = {2011}
}

@article{marsden_14,
	author = {Ho,J. J. and Marsden,P. A.},
	title = {Competition and collaboration between RNA-binding proteins and microRNAs},
	year = {2014},
	journal = {Wiley Interdiscip. Rev. RNA},
	volume = {5(1)},
	pages = {69-86}
}

@article{jens_15,
	author = {Jens,M. and Rajewsky,N.},
	title = {Competition between target sites of regulators shapes post-transcriptional gene regulation},
	year = {2015},
	journal = {Nat. Rev. Genet.},
	volume = {16},
	pages = {113-126}
}


@article{kedde_10,
	author = {Kedde,M. and Kouwenhove,M. V. and Zwart,W. and Vrielink,J. A. O. and Elkon,R. and Agami,R.},
	title = {{A Pumilio-induced RNA structure switch in p27-3′ UTR controls miR-221 and miR-222 accessibility}},
	journal = {Nat Cell Biol},
	year = {2010},
	volume = {12},
	pages = {1014-1020},
	doi = {doi:10.1038/ncb2105}
}


@article{byrd_95,
	author = {Byrd,R. H. and Lu,P. and Nocedal,J.},
    year	= 1995,
    title	=  {A limited memory algorithm for bound constrained optimization} ,
    pages	= {1190-1208},
    journal	= {SIAM J Sci and Stat Comp },
    volume = {16}
}

@article{enologos,
	author = {Workman,C. T. and Yin,Y. and Corcoran,D. L. and Ideker,T. and Stormo,G. D. and Benos,P. V.},
    year	= 2005,
    title	=  {eno{LOGOS}: a versatile web tool for energy normalized sequence logos} ,
    note = {[PubMed:\href{http://www.ncbi.nlm.nih.gov/pubmed/15980495}{15980495}]
     [PubMed Central:\href{http://www.ncbi.nlm.nih.gov/pmc/articles/PMC1160200}{PMC1160200}]
    [doi:\href{http://dx.doi.org/10.1093/nar/gki439}{10.1093/nar/gki439}]},
    journal	= {Nucleic Acids Res},
    volume = {33},
    pages = {W389-W392}
}

@article{hiller_06,
	author = {Hiller,M. and Pudimat,R. and Busch,A. and Backofen,R.},
    year	= 2006,
    title	=  {Using {RNA} secondary structures to guide sequence motif finding towards single-stranded regions} ,
    note = {[PubMed:\href{http://www.ncbi.nlm.nih.gov/pubmed/16987907}{16987907}]
     [PubMed Central:\href{http://www.ncbi.nlm.nih.gov/pmc/articles/PMC1903381}{PMC1903381}]
    [doi:\href{http://dx.doi.org/10.1093/nar/gkl544}{10.1093/nar/gkl544}]},
    journal	= {Nucleic Acids Res},
    volume = {34(17)},
    pages = {e117}	
}

@article{foat_09,
	author = {Foat,B. C. and Stormo,G. D.},
	doi = {10.1038/msb.2009.24},
	issn = {1744-4292},
	journal = {Mol. Syst. Biol.},
	month = jan,
	number = {268},
	pages = {268},
	pmid = {19401680},
	publisher = {Nature Publishing Group},
	title = {{Discovering structural cis-regulatory elements by modeling the behaviors of mRNAs.}},
    note = {[PubMed:\href{http://www.ncbi.nlm.nih.gov/pubmed/19401680}{19401680}]
     [PubMed Central:\href{http://www.ncbi.nlm.nih.gov/pmc/articles/PMC2683727}{PMC2683727}]
    [doi:\href{http://dx.doi.org/10.1038/msb.2009.24}{10.1038/msb.2009.24}]},
	url = {http://www.ncbi.nlm.nih.gov/pubmed/19401680},
	volume = {5},
	year = {2009}
}

@article{yao_06,
	author = {Yao,Z. and Weinberg,Z. and Ruzzo,W. L.},
	journal = {Bioinformatics},
	number = {4},
	pages = {445-52},
	pmid = {16357030},
	title = {{CMfinder: A covariance model based RNA motif finding algorithm.}},
    note = {[PubMed:\href{http://www.ncbi.nlm.nih.gov/pubmed/16357030}{16357030}]
    [doi:\href{http://dx.doi.org/10.1093/bioinformatics/btk008}{10.1093/bioinformatics/btk008}]},
	volume = {22},
	year = {2006}
}

@article{foat_06,
	author = {Foat,B. C. and Morozov,A. V. and Bussemaker,H. J.},
    year	= 2006,
    title	=  {Statistical mechanical modeling of genome-wide transcription factor occupancy data by {M}atrix{REDUCE}} ,
    note = {[PubMed:\href{http://www.ncbi.nlm.nih.gov/pubmed/16873464}{16873464}]
    [doi:\href{http://dx.doi.org/10.1093/bioinformatics/btl223}{10.1093/bioinformatics/btl223}]},
    journal	= {Bioinformatics},
    volume = {22(14)},
    pages = {e141-e149}
}

@article{eddy_94,
	author = {Eddy,S. R. and Durbin,R.},
    year	= 1994,
    title	=  {{RNA}  sequence analysis using covariance models} ,
    note = {[PubMed:\href{http://www.ncbi.nlm.nih.gov/pubmed/8029015}{8029015}]
     [PubMed Central:\href{http://www.ncbi.nlm.nih.gov/pmc/articles/PMC308124}{PMC308124}]},
    pages	= {2079-2088},
    journal	= {Nucleic Acids Res},
    volume = {22}
}

@article{rabani_08,
	author = {Rabani,M. and Kersetz,M. and Segal,E.},
    year	= 2008,
    title	=  {Computational prediction of {RNA}  structural motifs involved in posttranscriptional regulatory processes} ,
    note = {[PubMed:\href{http://www.ncbi.nlm.nih.gov/pubmed/18815376}{18815376}]
     [PubMed Central:\href{http://www.ncbi.nlm.nih.gov/pmc/articles/PMC2567462}{PMC2567462}]
    [doi:\href{http://dx.doi.org/10.1073/pnas.0803169105}{10.1073/pnas.0803169105}]},
    pages	= {14885-14890},
    journal	= {Proc. Natl. Acad. Sci. U.S.A.},
    volume = {105(39)}
}

@article{bailey_06,
	author = {Bailey,T. L. and Williams,N. and Misleh,C. and Li,W. W.},
    year	= 2006,
    title	=  {{MEME}: Discovering and analyzing {DNA} and protein sequence motifs} ,
    note = {[PubMed:\href{http://www.ncbi.nlm.nih.gov/pubmed/16845028}{16845028}]
     [PubMed Central:\href{http://www.ncbi.nlm.nih.gov/pmc/articles/PMC1538909}{PMC1538909}]
    [doi:\href{http://dx.doi.org/10.1093/nar/gkl198}{10.1093/nar/gkl198}]},
    pages	= {W369-W373},
    journal	= {Nucleic Acids Res},
    volume = {34}
}

@article{heinz_2010,
	author = {Heinz,S. and Benner,C. and Spann,N. and Bertolino,E. and Lin,Y. C. and Laslo,P. and Cheng,J. X. and Murre,C. and Singh,H. and Glass,C. K.},
	title = {{Simple combinations of lineage-determining transcription factors prime cis-regulatory elements required for macrophage and B cell identities}},
	year = {2010},
	journal = {Mol Cell},
	volume = {38(4)},
	pages = {576-589}
}

@article{aviv_06,
	author = {Aviv,T. and Lin,Z. and Ben-Ari,G. and Smibert,C. A. and Sicheri,F},
    year	= 2006,
    title	=  {{Sequence-specific recognition of {RNA} hairpins by the {SAM} domain of {Vts1}}} ,
    note={[DOI:\href{http://dx.doi.org/10.1038/nsmb1053}{10.1038/nsmb1053}] [PubMed:\href{http://www.ncbi.nlm.nih.gov/pubmed/16429151}{16429151}] },
    journal	= {Nat Struct Mol Biol},
    volume = {13},
    pages =  {168-176}
}

@article{hogan_08,
	author = {Hogan,D. J. and Riordan,D. P. and Gerber,A. P. and Herschlag,D. and Brown,P. O.},
    year	= 2008,
    title	=  {Diverse {RNA}-binding proteins interact with functionally related sets of {RNA}s, suggesting an extensive regulatory system} ,
    note = {[PubMed:\href{http://www.ncbi.nlm.nih.gov/pubmed/18959479}{18959479}]
     [PubMed Central:\href{http://www.ncbi.nlm.nih.gov/pmc/articles/PMC2573929}{PMC2573929}]
    [doi:\href{http://dx.doi.org/10.1371/journal.pbio.0060255}{10.1371/journal.pbio.0060255}]},
    journal	= {PLoS Biol},
    volume = {6(10)},
    pages = {e255}	
}

@Article{corcoran_11,
   Author="Corcoran,D. L. and Georgiev,S. and Mukherjee,N. and Gottwein,E. and Skalsky,R. L. and Keene,J. D. and Ohler,U.",
   Title="{{P}{A}{R}alyzer: definition of {R}{N}{A} binding sites from {P}{A}{R}-{C}{L}{I}{P} short-read sequence data}",
   Journal="Genome Biol.",
   Year="2011",
   Volume="12",
   Number="8",
   Pages="R79",
   Note={[PubMed Central:\href{http://www.ncbi.nlm.nih.gov/pmc/articles/PMC3302668}{PMC3302668}] [DOI:\href{http://dx.doi.org/10.1186/gb-2011-12-8-r79}{10.1186/gb-2011-12-8-r79}] [PubMed:\href{http://www.ncbi.nlm.nih.gov/pubmed/21851591}{21851591}] }
}

@article{hafner_10,
	Author = {Hafner,M. and Landthaler,M. and Burger,L. and Khorshid,M. and Hausser,J. and Berninger,P. and Rothballer,A. and Ascano,M. and Jungkamp,A. C. and Munschauer,M. and Ulrich,A. and Wardle,G. S. and Dewell,S. and Zavolan,M. and Tuschl,T.},
	Journal = {Cell},
	Number = {1},
	Pages = {129-141},
	Title = {{Transcriptome-wide identification of RNA-binding protein and microRNA target sites by PAR-CLIP}},
	Volume = {141},
	Year = {2010}
}

@article {teplova_2013,
	author = {Teplova,M. and Hafner,M. and Teplov,D. and Essig,K. and Tuschl,T. and Patel,D. J.},
	title = {{Structure–function studies of STAR family Quaking proteins bound to their in vivo RNA target sites}},
	year = {2013},
	journal = {Genes Dev},
	volume = {27(8)},
	pages = {928-940}
}

@article{miller_08,
   Author="Miller,M. T.  and Higgin,J. J.  and Hall,T. M.",
   Title="{{B}asis of altered {R}{N}{A}-binding specificity by {P}{U}{F} proteins revealed by crystal structures of yeast {P}uf4p}",
   Journal="Nat. Struct. Mol. Biol.",
   Year="2008",
   Volume="15",
   Number="4",
   Pages="397--402",
   Month="Apr",
   Note={[PubMed Central:\href{http://www.ncbi.nlm.nih.gov/pmc/articles/PMC2802072}{PMC2802072}] [DOI:\href{http://dx.doi.org/10.1038/nsmb.1390}{10.1038/nsmb.1390}] [PubMed:\href{http://www.ncbi.nlm.nih.gov/pubmed/18327269}{18327269}] }
}

@Article{zhu_09,
   Author="Zhu, D. and Stumpf,C. R. and Krahn,J. M. and Wickens,M. and Hall,T. M.",
   Title="{{A} 5' cytosine binding pocket in {P}uf3p specifies regulation of mitochondrial m{R}{N}{A}s}",
   Journal="Proc. Natl. Acad. Sci. U.S.A.",
   Year="2009",
   Volume="106",
   Number="48",
   Pages="20192--20197",
   Month="Dec",
   Note={[PubMed Central:\href{http://www.ncbi.nlm.nih.gov/pmc/articles/PMC2787145}{PMC2787145}] [DOI:\href{http://dx.doi.org/10.1073/pnas.0812079106}{10.1073/pnas.0812079106}] [PubMed:\href{http://www.ncbi.nlm.nih.gov/pubmed/19918084}{19918084}] }
}

@article{mirtarbase,
	Author = {Hsu,S. D. and Tseng,Y. T. and Shrestha,S. and Lin,Y. L. and Khaleel,A. and Chou,C. H. and Chu,C. F. and Huang,H. Y. and Lin,C. M. and Ho,S. Y. and Jian,T. Y. and Lin,F. M. and Chang,T. H. and Weng,S. L. and Liao,K. W. and Liao,I. E. and Liu,C. C. and Huang,H. D.},
	title = "miRTarBase update 2014: an information resource for experimentally validated miRNA-target interactions",
	journal = "Nucleic Acids Res.",
	volume = "42",
	pages = "D78-85",
	year = "2014"
}

@article{baltz_12,
	author = {Baltz,A. G. and Munschauer,M. and Schwanhäusser,B. and Vasile,A. and Murakawa,Y. and Schueler,M. and Youngs,N. and Penfold-Brown,D. and Drew,K. and Milek,M. and Wyler,E. and Bonneau,R. and Selbach,M. and Dieterich,C. and Landthaler,M.},
	title = {{The mRNA-bound proteome and its global occupancy profile on protein-coding transcripts}},
	journal = "Mol Cell",
	volume = "46",
	pages = "674-690",
	year = "2012"
}

@article{targetscan_05,
	author	= {Lewis,B. P. and Burge,C. B. and Bartel,D. P.},
	year	= {2005},
	title	= {{Conserved seed pairing, often flanked by adenosines, indicates that thousands of human genes are microRNA targets}},
	pages	= {15-20},
	journal	= {Cell},
	volume	= {120}
}


@article{pictar_05,
	author = {Krek,A. and Grun,D. and Poy,M. N. and Wolf,R. and Rosenberg,L. and Epstein,E. J. and MacMenamin,P. and Piedade,I. and Gunsalus,K. C. and Stoffel,M. and Rajewsky,N.},
	year = {2005},
	title = {{Combinatorial microRNA target predictions}},
	pages = {495-500},
	journal = {Nat. Genet.},
	volume = {37},
	doi = {10.1038/ng1536}
}


@article{verhaak_10,
	Author = {Verhaak,R. G. and Hoadley,K. A. and Purdom,E. and Wang,V. and Qi,Y. and Wilkerson,M. D. and Miller,C. R. and Ding,L. and Golub,T. and Mesirov,J. P. and Alexe,G. and Lawrence,M. and O'Kelly,M. and Tamayo,P. and Weir,B. A. and Gabriel,S. and Winckler,W. and Gupta,S. and Jakkula,L. and Feiler,H. S. and Hodgson,J. G. and James,C. D. and Sarkaria,J. N. and Brennan,C. and Kahn,A. and Spellman,P. T. and Wilson,R. K. and Speed,T. P. and Gray,J. W. and Meyerson,M. and Getz,G. and Perou,C. M. and Hayes,D. N.},
	title = {{Integrated genomic analysis identifies clinically relevant subtypes of glioblastoma characterized by abnormalities in PDGFRA, IDH1, EGFR, and NF1}},
	journal = {Cancer Cell},
	volume = {17},
	pages = {98-110},
	year = {2010}
}

@article{lecuyer_07,
	author = "Lécuyer,E. and Yoshida,H. and Parthasarathy,N. and Alm,C. and Babak,T. and Cerovina,T. and Hughes,T. R. and Tomancak,P. and Krause,H. M. ",
	title = "Global analysis of mRNA localization reveals a prominent role in organizing cellular architecture and function ",
	journal = "Cell",
	volume = "131",
	number = "1",
	pages = "174",
	year = "2007"
}

@article{schwanhausser_11,
	author = "Schwanhäusser,B. and Busse,D. and Li,N. and Dittmar,G. and Schuchhardt,J. and Wolf,J. and Chen,W. and Selbach,M. ",
	title = {{Global quantification of mammalian gene expression control. }},
	journal = "Nature",
	volume = "473",
	pages = "337",
	year = "2011",
}

@article{vogel_10,
author = "Vogel,Ch. and Abreu,R. S. and Ko,D. and Le,SH. Y. and Shapiro,B. A. and Burns,S. C. and Sandhu,D. and Boutz,D. R. and Marcotte,E. M. and Penalva,L. O.",
	title = "Sequence signatures and mRNA concentration can explain two-thirds of protein abundance variation in a human cell line ",
	journal = "Mol. Syst. Biol. ",
	volume = "6",
	pages = "400",
	year = "2010"
}

@article{mukharjee_11,
	author = {Mukherjee,N. and Corcoran,D. L. and  Nusbaum,J. D. and Reid,D. W. and Georgiev,S. and Hafner,M. and Ascano,M. Jr. and Tuschl,T. and Ohler,U. and Keene,J. D.},
	title = {{Integrative Regulatory Mapping Indicates that the RNA-Binding Protein HuR Couples Pre-mRNA Processing and mRNA Stability }},
	journal = "Mol. Cell ",
	volume = "43",
	number = "3",
	pages = "327 - 339",
	year = "2011",
	issn = "1097-2765",
	doi = "http://dx.doi.org/10.1016/j.molcel.2011.06.007",
	url = "http://www.sciencedirect.com/science/article/pii/S1097276511004217"
}

@article{mukherjee_09,
	author =  {N Mukharjee  and PJ Larger  and MB  Friedersforf and MA  Thompson and JD Keene} ,
	year	= {2009},
	title	=  {{Coordinated posttranscriptional mRNA population dynamics during T-cell activation}} ,
	pages = {288-302},
	journal = {Mol. Syst. Biol.},
	volume = {5(288)}
}

@article{keene_06,
	Author = {JD Keene and JM Komisarow and MB Friedersdorf},
	Journal = {Nature Prot.},
	Month = {06},
	Number = {1},
	Pages = {302-307},
	Title = {{RIP-Chip: the isolation and identification of mRNAs, microRNAs and protein components of ribonucleoprotein complexes from cell extracts}},
	Volume = {1},
	Year = {2006},
}

@misc{proteinatlas,
	title = {{Human Protein Atlas}},
	howpublished = {\url{http://www.proteinatlas.org}},
	note = {Accessed: 2014-12-30}
}



@misc{microrna,
	title = {{MicroRNA}},
	howpublished = {\url{http://www.microrna.org}},
	note = {Accessed: 2014-10-09}
}


@misc{tcga,
	title = {{The Cancer Genome Atlas Research Network (2011) TCGA data portal}},
	howpublished = {\url{https://tcga-data.nci.nih.gov/tcga/}},
	note = {Accessed: 2010-09-30}
}

@article{pandit_13,
	author = "Shatakshi Pandit and Yu Zhou and Lily Shiue and Gabriela Coutinho-Mansfield and Hairi Li and Jinsong Qiu and Jie Huang and Gene W. Yeo and Manuel Ares Jr. and Xiang-Dong Fu ",
	title = "Genome-wide Analysis Reveals \{SR\} Protein Cooperation and Competition in Regulated Splicing ",
	journal = "Mol. Cell ",
	volume = "50",
	number = "2",
	pages = "223 - 235",
	year = "2013",
	note = "",
	issn = "1097-2765",
	doi = "http://dx.doi.org/10.1016/j.molcel.2013.03.001",
	url = "http://www.sciencedirect.com/science/article/pii/S1097276513002049"
}

@article{friedersdorf_14,
	author	= {Friedersdorf,M. B. and Keene,J. D.},
	year	= {2014},
	title	= {{Advancing the functional utility of PAR-CLIP by quantifying background binding to mRNAs and lncRNAs}},
	pages	= {R2},
	journal	= {Genome Biol},
	volume	= {15}
}

@article{krek_09,
    author	=  "A Krek and D Grün and MN Poy and R Wolf and L Rosenberg and EJ Epstein and P MacMenamin, I da Piedade and  KC Gunsalus and M Stoffel and N Rajewsky" ,
    year	= "2005",
    title	= "Combinatorial microRNA target predictions" ,
    pages	= "495-500",
    journal	= "Nat Genet",
    volume = "37"
}

@article{xue_09,
	author	=  {Y Xue and  Y Zhou and T Wu and T Zhu and X Ji and Y Kwon  and C Zhang and G Yeo and DL Black and H Sun and F Xiang-Dong and Y Zhang} ,
    year	= "2009",
    title	= "Genome-wide analysis of PTB-RNA interactions reveals a strategy used by the general splicing repressor to modulate exon inclusion or skipping" ,
    pages	= "377-384",
    journal	= "Nat Genet",
    volume = "30(4)"
}

@article{spiel_05,
    author	= {Spiel,A. and Bejerano,G. and Pedersen,J. S. and Hinrichs,A. and Hou,M. and Haussler,D.},
    year	= "2005",
    title	= "Evolutionarily conserved elements in vertebrate, insect, worm and yeast genomes" ,
    pages	= "1034-1050",
    journal	= "Genome Research",
    volume = "15"
}

@article{fu_09,
    author	=  {W Fu and P Ray and EP Xing} ,
    year	= 2009,
    title	=  {{DISCOVER: A feature-based discriminative method for motif search in complex genomes}} ,
    pages	= {i321-i329},
    journal	= {Bioinformatics},
    volume = {25(12)}
}

@article{frith_08,
    author	= {MC Frith and SFW Saunders and B Kobe and TL Bailey},
    year	= {2008},
    title	= {Discovering sequence motifs with arbitrary insertions and deletions},
    pages	= {e1000071},
    journal	= {PLoS Comput. Biol.},
    volume = {4(5)}
}

@article{dong_09,
    author	=  "J Dong and A Akcakanat and DN Stivers and J Zhang and D Kim and F Meric-Bernstam" ,
    year	= "2009",
    title	= "RNA-binding specificity of Y-box protein 1" ,
    pages	= {59-64},
    journal	= {RNA Biol},
    volume = {6}
}

@article{dorina_11,
    author	= {Anders,G. and Mackowiak,S. D. and Jend,M. and Maaskola,J. and Kuntzagk,A. and Rajewsky,N. and Landthaler,M. and Dieterich,D.},
    year	= {2011}, 
    title	= {{doRINA: a database of RNA interactions in post-transcriptional regulation}},
    pages	= {D180--D186},
	pmid = {22086949},
    journal	= {Nucleic Acids Res},
	url = {http://nar.oxfordjournals.org/content/40/D1/D180.full},
    volume = {40},
	number = {D1}
}


@article{friedman_10,
    author	=  "J Friedman and T Hastie and R Tibshirani" ,
    year	= "2010",
    title	= "Regularization paths for generalized linear models via coordinate descent" ,
    pages	= "1-22",
    journal	= "J. Stats. Soft.",
    volume = "33(1)"
}

@article{mathews_06,
	author = {DH Mathews and DH Turner},
	pages = {270-278},
	title = {{Prediction of RNA secondary structure by free energy minimization}},
	year = {2006},
	journal = {Curr Opin Struct Biol},
	volume = {31(13)}
}


@article{gardner_04,
	author = {PP Gardner  and R Giegerich},
	pages = {140-158},
	title = {{A comprehensive comparison of comparative RNA structure prediction approaches}},
	year = {2004},
	journal = {BMC Bioinformatics},
	volume = {5}
}


@article{andronescu_10,
	author = {M Andronescu and A Condon and HH Hoos and DH Mathews and KP Murphy},
	pages = {2304-2318},
	title = {{Computational approaches for RNA energy parameter estimation}},
	year = {2010},
	journal = {RNA},
	volume = {16}
}

@article{knudsen_03,
	author = {B Knudsen and J Hein},
	pages = {3423-3428},
	title = {{Pfold: RNA secondary structure prediction using stochastic context-free grammars}},
	year = {2003},
	journal = {Nucleic Acids Res},
	volume = {31(13)}
}

@article{condon_09,
	author = {A Condon and H Jabbari},
	pages = {294-301},
	title = {{Computational prediction of nucleic acid secondary structure:methods, applications and challenges}},
	ear = {2009},
	journal = {Theor. Comp. Sci.},
	volume = {410}
}


@article{kishore_10,
	author = {S Kishore and S Luber and M Zavolan},
	doi = {10.1093/bfgp/elq028},
	issn = {2041-2657},
	journal = {Brief. Funct. Genomic},
	month = dec,
	number = {5},
	pmid = {21127008},
	title = {{Deciphering the role of RNA-binding proteins in the post-transcriptional control of gene expression.}},
	url = {http://www.ncbi.nlm.nih.gov/pubmed/21127008},
	volume = {9},
	year = {2010}
}

@article{lebedeva_11,
	author = {Lebedeva,S. and Jens,M. and Theil,K. and Schwanh\"{a}usser,B. and Selbach,M. and Landthaler,M. and Rajewsky,N.},
	journal = {Mol. Cell},
	number = {3},
	pages = {340--352},
	pmid = {21723171},
	publisher = {Cell Press},
	title = {{Transcriptome-wide analysis of regulatory interactions of the RNA-Binding protein HuR}},
	url = {http://www.ncbi.nlm.nih.gov/pubmed/21723171},
	volume = {43},
	year = {2011}
}

@article{yakhini_07,
    author	= {Eden,E. and Lipson,D. and Yagev,S. and Yakhini,Z.},
    year	= 2007,
    title	= {{Discovering motifs in ranked lists of DNA sequences}},
    journal	= {PLoS Comput. Biol.},
    volume = {3},
    pages = {e39}
}

@article{zhao_14,
	author	= {Zhao,W. and Pollack,J. L. and Blagev,D. P. and Zaitlen,N. and McManus,M. T. and Erle,D. J.},
	year	= {2014},
	title	= {{Massively parallel functional annotation of 3' untranslated regions}},
	pages	= {387-391},
	journal	= {Nat. Biotechnol.},
	volume	= {32(4)}
}

@article{oiko_14,
	author	= {P Oikonomou and H Goodarzi and S Tavazoie},
	year	= {2014},
	title	= {{Systematic Identification of Regulatory Elements in Conserved 3' UTRs of Human Transcripts}},
	pages	= {281-292},
	journal	= {Cell Rep.},
	volume	= {7(1)}
}

@article{landgraf_07,
	author	= {P Landgraf and M Rusu and R Sheridan and A Sewer and N lovino and T Tuschl},
	year	= {2007},
	title	= {{A mammalian microRNA expression atlas based on small RNA library sequencing}},
	pages	= {1401-1414},
	journal	= {Cell},
	volume	= {129(7)}
}

@article{goodarzi_12,
	author	= {H Goodarzi and HS Najafabadi and P Oikonomou and TM Greco and L Fish abd R Salavati and IM Cristea and S Tavazoie},
	year	= {2012},
	title	= {{Systematic discovery of structural elements governing stability of mammalian messenger RNAs}},
	pages	= {264-268},
	journal	= {Nature},
	volume	= {485(7397)}
}

@article{schueler_14,
	author	= {Schueler,M. and Munschauer,M. and Gregersen,L. H. and Finzel,A. and Loewer,A. and Chen,W. and Lanthaler,M. and Dieterich,C.},
	year	= {2014},
	title	= {{Differential protein occupancy profiling of the mRNA transcriptome}},
	pages	= {R15},
	journal	= {Genome Biol.},
	volume	= {15(1)}
}

@article{siepel_05,
	author = {Siepel,A. and Bejerano,G. and Pedersen,J. S. and Hinrichs,A. and Hou,M. and Rosenbloom,K. and Clawson,H. and Spieth,J. and Hillier,L. W. and Richards,S. and Weinstock,G. M. and Wilson,R. K. and Gibbs,R. A. and Kent,W. J. and Miller,W. and Haussler,D.},
	title = {{Evolutionarily conserved elements in vertebrate, insect, worm, and yeast genomes}},
	year = {2005},
	journal = {Genome Res.},
	volume = {15},
	pages = {1034-1050}
}

@article{castello_12,
	author = {Castello,A. and Fischer,B. and Eichelbaum,K. and Horos,R. and Beckmann,B. M. and Strein,C. and Davay,N. E. and Humphreys,D. T. and Preiss,T. and Steinmetz,L. M. and Krijgsveld,J. and Hentze,M. W.},
	title = {{Insights into RNA Biology from an atlas of mammalian mRNA-binding proteins}},
	year = {2012},
	journal = {Cell},
	volume = {149(6)},
	pages = {1393–1406}
}

@article {jafarifar_11,
	author = {Jafarifar,J. and Yao,P. and Eswarappa,S. M. and Fox,P. L.},
	title = {{Repression of VEGFA by CA-rich element-binding microRNAs is modulated by hnRNP L}},
	year = {2011},
	journal = {The EMBO Journal},
	volume = {30(7)},
	pages = {1324-1334}
}

@article{anbalagan_14,
	author = {Anbalagan,D. and Yap,G. and Yuan,Y. and Pandey,V. K. and Lau,W. H. and Arora,S. and Bist,P. and Wong,J. S. and Sethi,G. and Nissom,P. M. and Lobie,P. E. and Lim,L. H.},
	title = {{Annexin-A1 regulates microRNA-26b* and microRNA-562 to directly target NF-κB and angiogenesis in breast cancer cells}},
	year= {2014},
	journal = {PLoS One},
	volume = {9(12)},
}

@article{greenberg_1979,
	author = {Greenberg,J. R.},
	title = {{Ultraviolet light-induced crosslinking of mRNA to proteins}},
	year = {1979},
	journal = {Nucleic Acids Res},
	volume = {6},
	pages = {715-732}
}

@article{Wagenmakers_1980,
	author = {Wagenmakers,A. J. and Reinders,R. J. and Venrooij,W. J.},
	title = {{Cross-linking of mRNA to proteins by irradiation of intact cells with ultraviolet light}},
	year = {1980},
	journal = {Eur J Biochem},
	volume = {112},
	pages = {323-330}
}

@article{Gygi_1999,
	author = {Gaygi,S. P. and Rochon,Y. and Franza,B. R. and Aebersold,R.},
	title = {{Correlation between protein and mRNA abundance in yeast}},
	year = {1999},
	journal = {Mol Cell Biol},
	volume = {19(3)},
	pages = {1720-1730}
}

@article{Washburn_2003,
	author = {Washburn,M. P. and Koller,A. and Oshiro,G. and Ulaszek,R. R. and Plouffe,D. and Deciu,C. and Winzeler,E. and Yates,J. R.},
	title = {{Protein pathway and complex clustering of correlated mRNA and protein expression analyses in Saccharomyces cerevisiae}},
	year = {2003},
	journal = {Proc Natl Acad Sci U S A},
	volume = {100(6)},
	pages = {3107-3112}
}

@article{sfold,
	author = {Ding,Y. and Chan,C. Y. and Lawerence,C. E.},
	title = {{Sfold web server for statistical folding and rational design of nucleic acids}},
	year = {2004},
	journal = {Nucleic Acids Res},
	volume = {32},
	pages = {135-141}
}

@article{dreyfuss_2002,
	author = {Dreyfuss,G. and Kim,V. N. and Kataoka,N.},
	title = {{Messenger-RNA-binding proteins and the messages they carry}},
	year = {2002},
	journal = {Nat Rev Mol Cell Biol},
	volume = {3(3)},
	pages = {195-205}
}

@article{ellington_90,
	author = {Ellington,A. D. and Szostak,J. W.},
	title = {{In vitro selection of RNA molecules that bind specific ligands}},
	year = {1990},
	journal = {Nature},
	volume = {346(6248)},
	pages = {818-822}
}

@article{ray_2009,
	author = {Ray,D. and Kazan,H. and Chan,E. T. and Peña Castillo,L. and Chaudhry,S. and Talukder,S. and Blencowe,B. J. and Morris,Q. and Hughes,T. R.},
	title = {{Rapid and systematic analysis of the RNA recognition specificities of RNA-binding proteins}},
	year = {2009},
	journal = {Nat Biotechnol},
	volume = {27(7)},
	pages = {667-670}
}

@article{mili_2004,
	author = {Mili,S. and Steitz,J. A.},
	title = {{Evidence for reassociation of RNA-binding proteins after cell lysis: implications for the interpretation of immunoprecipitation analyses}},
	year = {2004},
	journal = {RNA},
	volume = {10(11)},
	pages = {1692-1694}
}

@article{lee_1993,
	author = {Lee,R. C. and Feinbaum,R. L. and Ambros,V.},
	title = {{The C. elegans heterochronic gene lin-4 encodes small RNAs with antisense complementarity to lin-14}},
	year = {1993},
	journal = {Cell},
	volume = {75(5)},
	pages = {843-854}
}

@article{reinhart_2000,
	author = {Reinhart,B. J. and Slack,F. J. and Basson,M. and Pasquinelli,A. E. and Beltinger,J. C. and Rougvie,A. E. and Horvitz,H. R. and Ruvkun,G.},
	title = {The 21-nucleotide let-7 RNA regulates developmental timing in Caenorhabditis elegans},
	year = {2000},
	journal = {Nature},
	volume = {403},
	pages = {901-906}
}

@article{kertesz_2010,
	author = {Kertesz,M. and Wan,Y. and Mazor,E. and Rinn,J. L. and Nutler,R. C. and Chang,H. Y. and Segal,E.},
	title = {{Genome-wide measurement of RNA secondary structure in yeast}},
	year = {2010},
	journal = {Nature},
	volume = {467},
	pages = {103-107}
}

@article{FragSeq_2010,
	author = {Underwood,J. G. and Uzilov,A. V. and Katzman,S. and Onodera,C. S. and Mainzer,J. E. and Mathews,D. H. and Lowe,T. M. and Salama,S. R. and Haussler,D.},
	title = {{FragSeq: transcriptome-wide RNA structure probing using high-throughput sequencing}},
	year = {2010},
	journal = {Nat Methods},
	volume = {7(12)},
	pages = {995-1001}
}

@article{SHAPEseq_2011,
	author = {Lucks,J. B. and Mortimer,S. A. and Trapnell,C. and Luo,S. and Aviran,S. and Schroth,G. P. and Pachter,L. and Douda,J. A. and Arkin, A. P.},
	title = {{Multiplexed RNA structure characterization with selective 2'-hydroxyl acylation analyzed by primer extension sequencing (SHAPE-Seq)}},
	year = {2011},
	journal = {Proc Natl Acad Sci USA},
	volume = {108(27)},
	pages = {11063-11068}
}

@article{mathews_1999,
	author = {Mathews,D. H. and Sabina,J. and Zuker,M. and Turner,D. H.},
	title = {{Expanded sequence dependence of thermodynamic parameters improves prediction of RNA secondary structure}},
	year = {1999},
	journal = {J Mol Biol},
	volume = {288(5)},
	pages = {911-940}
}

@article{jing_2005,
	author = {Jinq,Q. and Huang,S. and Guth,S. and Zarubin,T. and Motoyama,A. and Chen,J. and Di Padova,F. and Lin,S. C. and Gram,H. and Han,J.},
	title = {{Involvement of microRNA in AU-rich element-mediated mRNA instability}},
	year = {2005},
	journal = {Cell},
	volume = {120(5)},
	pages = {623-634}
}

@article{kim_2009,
	author = {Kim,H. H. and Kuwano,Y. and Srikantan,S. and Lee,E. K. and Martindale,J. L. and Gorospe,M.},
	title = {{HuR recruits let-7/RISC to repress c-Myc expression}},
	year = {2009},
	journal = {Genes Dev},
	volume = {23(15)},
	pages = {1743-1748}
}

@article{bhattacharyya_2006,
	author = {Bhattacharyya,S. N. and Habermacher,R. and Martine,U. and Closs,E. I. and Filipowicz,W.},
	title = {{Relief of microRNA-mediated translational repression in human cells subjected to stress}},
	year = {2006},
	journal = {Cell},
	volume = {125(6)}, 
	pages = {1111-1124}
}

@article{young_2012,
	author = {Young,L. E. and Moore,A. E. and Sokol,L. and Meisner-Kober,N. and Dixon,D. A.},
	title = {{The mRNA stability factor HuR inhibits microRNA-16 targeting of COX-2}},
	year = {2012},
	journal = {Mol Cancer Res},
	volume = {10(1)},
	pages = {167-180}
}

@article{karginov_2007,
	author = {Karginov,F. V. and Conaco,C. and Xuan,Z. and Schmidt,B. H. and Parker,J. S. and Mandel,G. and Hannon,G. J.},
	title = {{A biochemical approach to identifying microRNA targets}},
	year = {2007},
	journal = {Proc Natl Acad Sci USA},
	volume = {104(49)},
	pages = {19291-19296}
}

@article{konig_2012,
	author = {König,J. and Zarnack,K. and Luscombe,N. M. and Ule,J.},
	title = {{Protein-RNA interactions: new genomic technologies and perspectives}},
	year = {2012},
	journal = {Nat Rev Genet},
	volume = {13(2)},
	pages = {77-83}
}

@article{bartel_2009,
	author = {Bartel,D. P.},
	title = {{MicroRNAs: target recognition and regulatory functions}},
	year = {2009},
	journal = {Cell},
	volume = {136(2)},
	pages = {215-233}
}

@article{genmir_2007,
	author = {Huang,J. C. and Babak,T. and Corson,T. W. and Chua,G. and Khan,S. and Gallie,B. K. and Hughes,T. R. and Blencowe,B. J. and Frey,B. J. and Morris,Q. M.},
	title = {{Using expression profiling data to identify human microRNA targets}},
	year = {2007},
	journal = {Nat Methods},
	volume = {4(12)},
	pages = {1045-1049}
}

@article{drapper_99,
	author = {Drapper,D. E.},
	title = {{Themes in RNA-protein recognition}},
	year = {1999},
	journal = {J Mol Biol},
	volume = {293(2)},
	pages = {255-270}
}

@article{zhu_2009,
	author = {Zhu,D. and Stumpf,C. R. and Krahn,J. M. and Wickens,M. and Hall,T. M.},
	title = {{A 5' cytosine binding pocket in Puf3p specifies regulation of mitochondrial mRNAs}},
	year = {2009},
	journal = {Proc Natl Acad Sci USA},
	volume = {106(48)},
	pages = {20192-20197}
}

@article{johnson_2006,
	author = {Johnson,P. E. and Donaldson,L. W.},
	title = {{RNA recognition by the Vts1p SAM domain}},
	year = {2006},
	journal = {Nat Struct Mol Biol},
	volume = {13(2)},
	pages = {177-178}

}